<record><leader>00000cas a22000007a 4500</leader><controlfield tag="001">37889547</controlfield><controlfield tag="008">971104c19279999okudn n       0    0eng d</controlfield><datafield ind1=" " ind2=" " tag="010"><subfield code="a">sn 97070386 </subfield></datafield><datafield ind1=" " ind2=" " tag="040"><subfield code="a">OBN</subfield><subfield code="b">eng</subfield><subfield code="c">OBN</subfield><subfield code="d">OCLCQ</subfield><subfield code="d">OCLCF</subfield><subfield code="d">OCLCO</subfield></datafield><datafield ind1="1" ind2=" " tag="029"><subfield code="a">AU@</subfield><subfield code="b">000013613275</subfield></datafield><datafield ind1=" " ind2=" " tag="042"><subfield code="a">msc</subfield></datafield><datafield ind1=" " ind2=" " tag="043"><subfield code="a">n-us-ok</subfield></datafield><datafield ind1="0" ind2="0" tag="245"><subfield code="a">Seminole producer.</subfield></datafield><datafield ind1="3" ind2=" " tag="246"><subfield code="a">Seminle Okla. producer</subfield></datafield><datafield ind1="3" ind2=" " tag="246"><subfield code="a">Seminole daily producer</subfield></datafield><datafield ind1="3" ind2=" " tag="246"><subfield code="a">Seminole morning star</subfield></datafield><datafield ind1=" " ind2=" " tag="260"><subfield code="a">Seminole, Okla. :</subfield><subfield code="b">Producer Pub. Co.</subfield></datafield><datafield ind1=" " ind2=" " tag="300"><subfield code="a">v.</subfield></datafield><datafield ind1=" " ind2=" " tag="310"><subfield code="a">Daily (except Mon. and Sat.),</subfield><subfield code="b">Sep. 1, 1968-</subfield></datafield><datafield ind1=" " ind2=" " tag="321"><subfield code="a">Daily (except Sat.),</subfield><subfield code="b">Mar. 1, 1927-Aug. 31, 1968</subfield></datafield><datafield ind1="0" ind2=" " tag="362"><subfield code="a">Vol. 1, no. 1 (Mar. 1, 1927)-</subfield></datafield><datafield ind1=" " ind2=" " tag="500"><subfield code="a">Monday morning edition published as: Seminole morning star, Nov. 1, 1934-[Dec. 25, 1931].</subfield></datafield><datafield ind1=" " ind2=" " tag="500"><subfield code="a">Published as: Seminole daily producer, Jan. 18, 1965-Dec. 16, 1977.</subfield></datafield><datafield ind1=" " ind2="0" tag="651"><subfield code="a">Seminole (Okla.)</subfield><subfield code="v">Newspapers.</subfield></datafield><datafield ind1=" " ind2="0" tag="651"><subfield code="a">Seminole County (Okla.)</subfield><subfield code="v">Newspapers.</subfield></datafield><datafield ind1=" " ind2="7" tag="655"><subfield code="a">Newspapers.</subfield><subfield code="2">fast</subfield><subfield code="0">(OCoLC)fst01423814</subfield></datafield><datafield ind1=" " ind2="7" tag="651"><subfield code="a">Oklahoma</subfield><subfield code="z">Seminole.</subfield><subfield code="2">fast</subfield><subfield code="0">(OCoLC)fst01276569</subfield></datafield><datafield ind1=" " ind2="7" tag="651"><subfield code="a">Oklahoma</subfield><subfield code="z">Seminole County.</subfield><subfield code="2">fast</subfield><subfield code="0">(OCoLC)fst01207511</subfield></datafield><datafield ind1=" " ind2=" " tag="752"><subfield code="a">United States</subfield><subfield code="b">Oklahoma</subfield><subfield code="c">Seminole</subfield><subfield code="d">Seminole.</subfield></datafield><datafield ind1="0" ind2="5" tag="780"><subfield code="t">Saturday evening reporter</subfield><subfield code="w">(DLC)sn 97070383</subfield><subfield code="w">(OCoLC)37889377</subfield></datafield><datafield ind1="0" ind2="5" tag="780"><subfield code="t">Seminole County news</subfield><subfield code="w">(DLC)sn 97070384</subfield><subfield code="w">(OCoLC)37889411</subfield></datafield></record>